@misc{ctan_mhchem,
	title = {{CTAN}: {Package} mhchem},
	url = {https://www.ctan.org/pkg/mhchem},
	urldate = {2022-11-05},
}
@misc{ctan_siunitx,
	title = {{CTAN}: {Package} siunitx},
	url = {https://ctan.org/pkg/siunitx},
	urldate = {2022-11-05},
}
