@misc{ctan_mhchem,
	title = {{CTAN}: {Package} mhchem},
	url = {https://www.ctan.org/pkg/mhchem},
	urldate = {2022-11-05},
}
@misc{ctan_siunitx,
	title = {{CTAN}: {Package} siunitx},
	url = {https://ctan.org/pkg/siunitx},
	urldate = {2022-11-05},
}
@misc{detexify,
	title = {Detexify {LaTeX} handwritten symbol recognition},
	url = {https://detexify.kirelabs.org/classify.html},
	abstract = {An approach to simplify finding LaTeX symbols.},
	urldate = {2022-11-05},
}
@misc{overleaf_tables,
	title = {Tables},
	url = {https://www.overleaf.com/learn/latex/Tables},
	abstract = {An online LaTeX editor that’s easy to use. No installation, real-time collaboration, version control, hundreds of LaTeX templates, and more.},
	language = {en},
	urldate = {2022-11-05},
}
@misc{vlna,
	title = {Index of /ftp/olsak/vlna},
	url = {http://petr.olsak.net/ftp/olsak/vlna/},
	urldate = {2022-11-05},
}
@misc{overleaf_hyperlinks,
	title = {Hyperlinks},
	url = {https://www.overleaf.com/learn/latex/Hyperlinks},
	abstract = {An online LaTeX editor that’s easy to use. No installation, real-time collaboration, version control, hundreds of LaTeX templates, and more.},
	language = {en},
	urldate = {2022-11-05},
}
@misc{overleaf_positioning,
	title = {Positioning images and tables},
	url = {https://www.overleaf.com/learn/latex/Positioning_images_and_tables},
	abstract = {An online LaTeX editor that’s easy to use. No installation, real-time collaboration, version control, hundreds of LaTeX templates, and more.},
	language = {en},
	urldate = {2022-11-05},
}
@misc{overleaf_referencing,
	title = {Referencing {Figures}},
	url = {https://www.overleaf.com/learn/latex/Referencing_Figures},
	abstract = {An online LaTeX editor that’s easy to use. No installation, real-time collaboration, version control, hundreds of LaTeX templates, and more.},
	language = {en},
	urldate = {2022-11-05},
}
@misc{overleaf_thesis3,
	title = {Figures, {Subfigures} and {Tables}},
	url = {https://www.overleaf.com/learn/latex/How_to_Write_a_Thesis_in_LaTeX_(Part_3)%3A_Figures%2C_Subfigures_and_Tables},
	abstract = {An online LaTeX editor that’s easy to use. No installation, real-time collaboration, version control, hundreds of LaTeX templates, and more.},
	language = {en},
	urldate = {2022-11-05},
}

@misc{overleaf_code_listing,
	title = {Code listing},
	url = {https://www.overleaf.com/learn/latex/Code_listing},
	abstract = {An online LaTeX editor that’s easy to use. No installation, real-time collaboration, version control, hundreds of LaTeX templates, and more.},
	language = {en},
	urldate = {2022-11-05},
}
@misc{overleaf_images,
	title = {Inserting {Images}},
	url = {https://www.overleaf.com/learn/latex/Inserting_Images},
	abstract = {An online LaTeX editor that’s easy to use. No installation, real-time collaboration, version control, hundreds of LaTeX templates, and more.},
	language = {en},
	urldate = {2022-11-05},
}

