@Inbook{pelikan,
author="Pelikan, Martin
and Sastry, Kumara
and Goldberg, David E.",
editor="Pelikan, Martin
and Sastry, Kumara
and Cant{\'u}Paz, Erick",
title="Multiobjective Estimation of Distribution Algorithms",
bookTitle="Scalable Optimization via Probabilistic Modeling",
year="2006",
publisher="Springer Berlin Heidelberg",
address="Berlin, Heidelberg",
pages="223--248",
isbn="978-3-540-34954-9",
doi="10.1007/978-3-540-34954-9_10",
url="https://doi.org/10.1007/978-3-540-34954-9_10"
}

